<record><leader>00000cas a22000007a 4500</leader><controlfield tag="001">29650402</controlfield><controlfield tag="008">940119d18961897akuwr ne      0    0eng d</controlfield><datafield ind1=" " ind2=" " tag="010"><subfield code="a">sn 94050001 </subfield></datafield><datafield ind1=" " ind2=" " tag="040"><subfield code="a">ANE</subfield><subfield code="b">eng</subfield><subfield code="c">ANE</subfield><subfield code="d">OCLCQ</subfield><subfield code="d">OCLCF</subfield><subfield code="d">OCLCO</subfield></datafield><datafield ind1="1" ind2=" " tag="029"><subfield code="a">AU@</subfield><subfield code="b">000025855691</subfield></datafield><datafield ind1=" " ind2=" " tag="042"><subfield code="a">msc</subfield></datafield><datafield ind1=" " ind2=" " tag="043"><subfield code="a">n-us-ak</subfield></datafield><datafield ind1="0" ind2="4" tag="245"><subfield code="a">The Douglas miner.</subfield></datafield><datafield ind1=" " ind2=" " tag="260"><subfield code="a">Douglas, Alaska :</subfield><subfield code="b">Needham &amp; Hill,</subfield><subfield code="c">1896-</subfield></datafield><datafield ind1=" " ind2=" " tag="300"><subfield code="a">v.</subfield></datafield><datafield ind1=" " ind2=" " tag="310"><subfield code="a">Weekly</subfield></datafield><datafield ind1="0" ind2=" " tag="362"><subfield code="a">Vol. 1, no. 1 (Aug. 26, 1896)-</subfield></datafield><datafield ind1="1" ind2=" " tag="362"><subfield code="a">Ceased in Feb. 1897?</subfield></datafield><datafield ind1=" " ind2="0" tag="651"><subfield code="a">Douglas (Juneau, Alaska)</subfield><subfield code="v">Newspapers.</subfield></datafield><datafield ind1=" " ind2="7" tag="655"><subfield code="a">Newspapers.</subfield><subfield code="2">fast</subfield><subfield code="0">(OCoLC)fst01423814</subfield></datafield><datafield ind1=" " ind2="7" tag="651"><subfield code="a">Alaska</subfield><subfield code="z">Douglas (Juneau)</subfield><subfield code="2">fast</subfield><subfield code="0">(OCoLC)fst01313924</subfield></datafield><datafield ind1=" " ind2=" " tag="752"><subfield code="a">United States</subfield><subfield code="b">Alaska</subfield><subfield code="d">Douglas.</subfield></datafield><datafield ind1="0" ind2="0" tag="785"><subfield code="t">Alaska miner (Douglas, Alaska)</subfield><subfield code="w">(DLC)sn 83025416</subfield><subfield code="w">(OCoLC)9449217</subfield></datafield></record>